<record><leader>00000cas a22000007a 4500</leader><controlfield tag="001">20681375</controlfield><controlfield tag="008">891121d1872187upaumr ne      0    0eng d</controlfield><datafield ind1=" " ind2=" " tag="010"><subfield code="a">sn 90069042 </subfield></datafield><datafield ind1=" " ind2=" " tag="040"><subfield code="a">NPH</subfield><subfield code="b">eng</subfield><subfield code="c">NPH</subfield><subfield code="d">OCLCQ</subfield></datafield><datafield ind1=" " ind2=" " tag="042"><subfield code="a">msc</subfield></datafield><datafield ind1="0" ind2="0" tag="245"><subfield code="a">Village luminary.</subfield></datafield><datafield ind1=" " ind2=" " tag="260"><subfield code="a">Yardleyville, Pa. :</subfield><subfield code="b">William H. Schively,</subfield><subfield code="c">1872-</subfield></datafield><datafield ind1=" " ind2=" " tag="300"><subfield code="a">v. ;</subfield><subfield code="c">20-42 cm.</subfield></datafield><datafield ind1=" " ind2=" " tag="310"><subfield code="a">Monthly</subfield></datafield><datafield ind1="0" ind2=" " tag="362"><subfield code="a">Vol. 1, no. 1 (Feb. 28, 1872)-</subfield></datafield><datafield ind1=" " ind2=" " tag="500"><subfield code="a">Prospectus issued: &lt;Nov. 1871&gt;.</subfield></datafield><datafield ind1=" " ind2=" " tag="752"><subfield code="a">United States</subfield><subfield code="b">Pennsylvania</subfield><subfield code="c">Bucks</subfield><subfield code="d">Yardley.</subfield></datafield><datafield ind1=" " ind2=" " tag="752"><subfield code="a">United States</subfield><subfield code="b">Pennsylvania</subfield><subfield code="c">Bucks</subfield><subfield code="d">Yardleyville.</subfield></datafield><datafield ind1="0" ind2="0" tag="785"><subfield code="t">Schively's luminary</subfield><subfield code="w">(DLC)sn 90069043</subfield></datafield></record>